2760 5032
201 382 218 424 l

301 410 407 504 mn·
430 413 522 494 vn.
574 410 913 505 earn-as·
1079 346 1208 506 sss

69 601 322 668 occurreretur
352 593 422 667 ant*
446 595 505 667 cui
526 595 581 668 rei
603 592 761 669 terretur
785 594 978 686 auxilium,
1001 597 1070 669 ‘vix
1097 600 1160 670 ra·

55 698 126 789 ,tio
140 696 225 768 iniri
236 706 372 792 posset.
424 696 576 785 Tamen,
600 695 697 793 quod
709 697 872 768 instituto
888 693 1056 769 Caesaris
1069 696 1160 772 duae

76 820 216 891 semper
248 796 408 895 legiones
441 822 509 893 pro
540 799 670 868 castris
703 794 926 869 excubabant
960 797 1161 897 pluresque

74 898 220 994 partitis
245 896 466 993 temporibus
489 906 593 968 erant
616 897 655 968 in
683 922 802 994 opere,
836 898 1002 970 celeriter
1026 896 1160 971 lactum

72 1006 141 1087 est,
182 1006 223 1068 ut
248 997 310 1069 alii
334 995 580 1095 eruptionibus
605 998 829 1087 resisterent,
865 999 929 1070 alii
952 1008 1074 1071 turres
1099 1024 1160 1072 re·

71 1097 246 1170 ducerent
268 1122 505 1196 aggeremque
530 1097 842 1190 interscinderent,
865 1100 981 1174 omnis
1004 1124 1091 1175 vere
1116 1125 1160 1173 ex
1180 1113 1183 1117 '

76 1199 208 1271 castris
233 1197 424 1272 multitudo
443 1195 489 1268 ad
513 1197 808 1296 restinguendum
831 1209 1053 1274 occurreret.

174 1308 241 1382 25.
273 1297 395 1390 Quum
424 1300 464 1372 iu
486 1298 652 1371 omnibus
675 1299 766 1373 locis
799 1312 982 1372 consumta
1006 1304 1077 1374 iam
1101 1328 1160 1376 re·

75 1399 179 1496 liqna
203 1410 306 1497 parte
337 1402 454 1474 noctis
481 1407 720 1498 pugnaretur,
757 1424 968 1500 semperque
992 1399 1160 1475 hostibus

81 1526 165 1598 spes
188 1503 362 1575 victoriae
386 1500 695 1600 redintegraretur
720 1519 762 1575 'eo
784 1503 913 1599 magis,
947 1501 1046 1599 quod
1070 1502 1161 1576 deu·

79 1613 157 1673 stos
186 1600 328 1698 pluteos
362 1603 517 1673 turrium
540 1599 709 1673 videbant
733 1627 798 1674 uec
816 1601 922 1677 facile
939 1602 1040 1675 adire
1055 1628 1161 1701 aper·

72 1713 132 1774 tos
158 1702 203 1774 ad
226 1697 469 1774 auxiliandum
489 1703 644 1774 animum
669 1700 915 1799 advertebant,
950 1728 1162 1800 semperque

72 1804 144 1900 ipsi
164 1812 327 1876 recentes
348 1802 501 1877 defessis
528 1801 762 1876 succederent
788 1829 997 1901 omnemque
1017 1803 1174 1883 Galliae.

75 1904 226 1977 salutem
250 1907 288 1976 in
310 1905 377 1977 illo
399 1905 553 2002 vestigio
572 1905 745 2002 temporis
766 1908 917 2002 positam
938 1904 1161 1979 arbitraren-

71 2014 150 2077 tur:
184 2004 315 2077 accidit
335 2003 618 2102 inspectantibus
642 2003 762 2093 nobis,
794 2005 892 2102 quod
914 2004 1063 2103 dignum
1084 2031 1160 2078 me·

75 2109 191 2179 moria
229 2108 345 2177 visum
380 2102 732 2201 praetermittendum
761 2129 834 2176 non
868 2107 1162 2178 existimavimus.

74 2205 230 2296 Quidam
271 2215 351 2277 ante
375 2215 515 2300 portam
540 2201 662 2299 oppidi
689 2199 833 2294 Gallus,
858 2206 921 2300 qui
944 2229 1009 2301 per
1034 2229 1161 2281 manus
1252 2205 1255 2209 ’

74 2310 148 2378 sevi
181 2331 222 2377 ac
250 2306 342 2400 picis
369 2301 564 2374 transditas
597 2301 722 2400 glebas
752 2304 791 2375 iu
822 2305 943 2402 ignem
969 2331 990 2378 e
1014 2307 1162 2403 regione

71 2409 187 2476 turris
217 2401 440 2502 proiieiebat,
465 2403 653 2499 scorpione
678 2401 723 2475 ab
746 2402 859 2476 latere
892 2404 1018 2480 dextro
1040 2417 1163 2477 trans·

72 2508 188 2577 iectus
220 2506 510 2599 exanimatusque
539 2501 709 2576 concidit.
782 2505 893 2577 Hunc
922 2532 966 2581 ex
989 2508 1163 2604 proximis

77 2631 172 2677 nnus
205 2606 376 2678 iacentem
407 2613 659 2704 transgressus
684 2601 808 2681 eodem
832 2607 900 2682 illo
919 2633 1067 2683 munere
1078 2605 1164 2680 suu·

70 2839 201 2903 parturn,
229 2837 269 2892 ns
293 2836 349 2890 ear.
399 2834 542 2890 Ausees»
561 2822 638 2908 fens
663 2836 716 2894 aar
733 2840 816 2895 nnn
837 2836 1017 2914 sacnuegee
1035 2839 1164 2911 sezogen

72 2908 145 2963 auch
163 2907 189 2960 e.
208 2905 240 2959 c.
257 2904 319 2972 m,
337 2903 407 2960 sos.

140 2976 247 3028 Ratio
263 2978 408 3028 iniri:
424 2975 560 3027 eonsilium
577 2974 699 3033 mentri.
991 3010 996 3027 .

140 3040 265 3097 Omnis
284 3059 367 3096 vero
383 3071 418 3082 —
435 3043 639 3097 multitudo
654 3059 693 3096 =
709 3051 787 3117 atque
807 3044 892 3096 oannis
907 3042 1056 3102 multitudo.
1092 3042 1166 3098 rm

72 3111 118 3167 eit
135 3113 276 3182 steigernd
294 3110 330 3178 es.
353 3110 389 3172 V,
408 3110 455 3165 14.

72 3246 98 3300 L
140 3178 198 3302 Ahd
216 3179 542 3256 restinguendum,
559 3175 612 3232 nus
626 3176 755 3234 tlruliche
769 3174 934 3248 sarasan.
949 3181 1068 3234 wtewtr
1084 3194 1165 3236 aum

104 3253 162 3304 tiso
194 3265 237 3305 eu
254 3265 351 3320 sagea.

501 3361 624 3455 Cap.
668 3361 729 3434 at.

145 3470 573 3546 Quum-pugnaretur,
609 3472 764 3530 wiederum
787 3469 835 3528 ltin
855 3471 1092 3547 dammum.
1133 3468 1167 3530 6.·

74 3540 300 3668 obenPlllrlllos
316 3613 489 3676 tranium,
506 3608 725 3676 Selrutztliichen¹
739 3605 949 3676 Schutzbreter,
965 3636 1002 3648 -
1016 3608 1092 3662 deun
1112 3610 1166 3662 mit

74 3679 160 3750 platt,
176 3681 280 3746 Plane,
312 3678 380 3733 Bret
396 3679 504 3733 seheint
520 3679 623 3750 pluteus
640 3678 786 3732 versvaudt
801 3695 842 3759 'zu
861 3694 942 3759 seyr,
978 3696 1001 3732 a·
1019 3690 1110 3731 uuten
1130 3676 1163 3730 C.
1257 3709 1264 3723 ·

74 3754 161 3808 41-
180 3749 311 3816 ,‚tabnlns,
329 3764 442 3814 msera,
480 3747 575 3818 quibus
599 3749 711 3797 mntem
736 3752 942 3817 contignationes
966 3754 1045 3797 tectae
1068 3752 1165 3796 erant‘

73 3816 176 3870 Jacobs
190 3820 249 3872 und
267 3815 369 3879 Cedere
391 3854 394 3859 -
410 3815 536 3877 „labda
556 3822 581 3868 et
596 3833 710 3877 “serm
751 3812 781 3866 id
798 3814 867 3865 enim
883 3817 1008 3885 plutei
1026 3815 1166 3867 Latinis.“

75 3891 135 3943 Der
152 3891 293 3961 Metaphr.
316 3888 416 3958 evi-rar,
436 3894 514 3946 nieht
532 3912 569 3945 au
587 3891 776 3947 verweehselu
790 3895 843 3944 mit
860 3893 982 3945 anderen
997 3891 1101 3963 pluteis,
1120 3889 1167 3942 die

76 3959 292 4030 abgesonderte,
310 3964 362 4015 nu't
379 3965 477 4015 keiner
498 3965 642 4032 grtissereu
657 3960 800 4014 Meschine
814 3960 996 4015 verbundsnc
1011 3959 1167 4014 schanda-

76 4028 144 4082 cher
160 4046 265 4094 waren,
283 4029 460 4150 derileicben
477 4031 544 4085 aber
561 4042 645 4083 untes·
661 4030 725 4083 dem
741 4024 848 4113 Objelft
867 4029 914 4114 dea
928 4029 1081 4098 folgenden
1091 4043 1166 4097 oper·

75 4105 127 4220 ii,
141 4099 437 4236 {33:153an
438 4091 1170 4231 ‘inadibilislindiifiiinfllffii‘dimwlihll
1280 4222 1283 4227 ,

73 4233 309 4291 nahrscheiulich
335 4235 408 4287 auch
431 4240 482 4289 ein·
495 4235 575 4288 Raub
599 4235 647 4289 des
664 4235 768 4290 Fecere
792 4238 845 4288 mit
860 4235 1020 4304 geworden.
1072 4229 1169 4286 untes

77 4301 111 4357 C·
127 4310 176 4366 αις
234 4303 364 4374 luteosque
381 4302 453 4354 valle
473 4302 570 4358 addere
585 4303 719 4360 schduen
734 4307 777 4360 ais
789 4302 989 4361 lirustwehreu
1009 4319 1048 4357 nu
1063 4299 1119 4357 bed

75 4385 138 4440 terr,
152 4390 178 4433 ι.
250 4390 305 4447 seg
323 4371 361 4424 ad
377 4370 404 4424 b·
422 4371 441 4426 l.
733 4418 746 4447 .·
1117 4410 1120 4417 .
1186 4395 1189 4401 ·
