2760 5032
335 416 440 505 nn.
464 414 555 498 ru.
607 410 884 514 ear.‚e-2s
931 534 935 552 ι
1077 432 1162 522 sar

78 600 231 673 cterlum
250 592 469 690 Cadurcum,
494 621 649 669 summae
673 589 851 670 hominem
872 594 1053 692 audaciae,
1076 578 1162 677 cum

73 710 177 799 parte
206 703 387 797 copiarum
410 702 447 770 in
472 699 637 770 Rutenos
657 700 783 792 mittit3
808 700 947 796 ipsein
971 701 1160 800 Bituriges

73 800 374 899 proficisciturm
392 800 484 873 Eius
519 798 671 873 adventu
703 799 889 898 Bituriges
922 799 967 870 ad
993 797 1160 896 Aeduos,

79 921 234 998 quornm
259 911 359 973 erant
378 903 428 972 in‘
441 899 525 986 fide,
547 899 685 997 legatos
710 900 854 970 mittunt
873 897 1072 974 subsidium
1093 928 1158 976 ro·
1279 909 1281 915 ’

75 1011 220 1100 gutum,
266 1026 338 1098 quo
366 1000 510 1072 facilius
544 996 701 1070 hostium
726 1000 847 1096 copias
871 1003 1049 1075 sustinere
1069 1021 1157 1102 pos.

74 1105 164 1173 sint.
213 1096 335 1173 Aedui
367 1100 411 1173 de
442 1099 593 1172 consilio
616 1099 858 1197 Legatorum,
897 1124 989 1198 quos
1020 1099 1157 1176 Cacsar

74 1200 123 1273 ad
147 1204 338 1274 exercitum
364 1200 573 1296 reliquerat,
609 1202 729 1296 copias
754 1202 936 1298 equitatus
958 1197 1160 1299 peditatus·

72 1324 147 1399 quc
169 1300 329 1373 subsidio
347 1299 578 1397 Biturigibus
599 1301 759 1371 mittunt.
794 1298 886 1389 Qut
905 1323 1015 1397 quum
1028 1301 1074 1375 ad
1085 1302 1157 1376 flu.

72 1424 156 1478 uren
179 1393 343 1500 [Ligerim
363 1401 562 1490 venissent,
606 1399 705 1497 quod
726 1400 914 1497 Bituriges
942 1398 988 1474 ab
1011 1397 1157 1478 Aeduis

72 1501 215 1591 dividit,
249 1526 382 1599 pancos
407 1499 482 1573 dies
509 1499 560 1571 ibi
580 1500 710 1600 morati
732 1525 849 1598 neque
868 1500 1000 1573 flumen
1021 1507 1156 1576 nansi.
1178 1510 1181 1515 “

70 1626 116 1675 re
148 1604 228 1674 ausi
258 1600 400 1674 domum
429 1610 657 1673 revertuntur
687 1599 889 1699 legatisque
925 1605 1061 1675 nostris
1093 1608 1153 1681 re·²

72 1705 264 1791 nunciant,
296 1728 336 1775 se
360 1703 565 1799 Biturigum
584 1697 769 1798 perfidiam
792 1701 927 1774 veritos
948 1706 1156 1800 revertisse,

75 1802 210 1901 quibus
234 1802 274 1874 id
292 1801 434 1874 consilii
457 1801 579 1875 luisse
595 1803 841 1900 cognoverint,
881 1811 937 1892 ut,
966 1804 1000 1876 si
1023 1804 1157 1884 flumen

72 1906 302 1995 transissent,
324 1928 395 1975 una
419 1928 462 1976 ex
481 1911 583 2000 parte
607 1904 692 1998 ipsi,
714 1903 828 1976 altera
841 1895 1001 1977 Arverni
1027 1931 1066 1979 sc
1079 1910 1155 1979 cir·

70 2006 332 2077 sumsisterent.
376 2003 422 2075 ld
446 2028 532 2075 enne
555 2000 600 2074 de
624 2027 765 2089 caussa,
791 2026 897 2099 quam
920 2003 1050 2101 legatis
1066 2032 1154 2104 pro.

70 2107 300 2194 nunciarunt,
335 2127 381 2174 an
405 2100 555 2200 pertidia
576 2101 722 2172 adducti
744 2101 909 2190 fecerint,
941 2104 1039 2198 quod
1061 2106 1160 2182 nihrt

70 2204 179 2277 uobis
202 2212 355 2294 constat,
376 2228 449 2275 non
466 2199 608 2273 videtur
630 2225 698 2297 pro
722 2210 822 2287 certo
843 2225 929 2283 esse
938 2205 1156 2299 ponendum.

69 2300 261 2404 Bituriges
285 2316 418 2379 'eorum
449 2299 613 2374 discessu
639 2301 759 2376 statim
789 2322 831 2379 se
861 2323 942 2375 cum
973 2295 1156 2381 Arvernis

66 2406 309 2503 coniungunt·

171 2594 213 2672 8.
237 2582 310 2660 His
329 2579 652 2660 rebusinltalian
666 2574 817 2662 Caesari
832 2582 1024 2681 llunciatis,
1044 2576 1161 2691 *quutn'¹

67 2690 142 2767 iam
163 2689 227 2762 ille
250 2685 407 2761 urbanas
431 2712 491 2760 res
508 2689 642 2760 virtute
667 2685 738 2760 Cn.
755 2690 920 2789 Pompeii
938 2695 1156 2768 commodio-

69 2814 149 2867 rem
169 2792 208 2861 ln
225 2799 356 2861 statum
375 2787 583 2889 pervenisse
602 2785 844 2887 intellegeret,
880 2791 920 2863 in
938 2790 1155 2894 Transalpi·

69 2917 153 2967 nam
170 2887 328 2963 Galliam
348 2882 532 2987 profectus
555 2894 625 2961 est.
674 2888 733 2961 Bo
757 2892 867 2987 quani
886 2895 1060 2985 venisset,
1079 2923 1156 2968 ma.

70 3017 142 3093 gna
164 2990 371 3063 difficultate
393 2989 640 3078 adficiebatur,
666 3014 736 3085 qua
751 2993 889 3063 ratione
904 2991 949 3062 ad
962 2997 1157 3073 exercitum

69 3095 257 3192 pervenire
281 3099 417 3189 posset.
466 3088 580 3177 Nam,
618 3090 650 3158 si
679 3091 841 3186 legiones
870 3091 909 3162 in
927 3092 1156 3171 Provinciam

70 3202 283 3283 arcesseret,
316 3215 355 3263 se
381 3189 532 3262 absente
561 3190 600 3259 in
619 3189 748 3261 itinere
766 3189 904 3287 proelio
927 3187 1158 3269 dimicaturas

68 3292 318 3394 intellegebat,
340 3290 372 3364 si
395 3286 756 3389 ipscad1exereitum
777 3289 1022 3386 contenderet,
1045 3320 1091 3368 ne
1108 3296 1161 3371 iis

496 3541 641 3649 βαρ.
683 3543 721 3614 s.
783 3542 786 3547 ⁴

137 3638 191 3734 ὓιο
211 3674 388 3743 oonsilio,
423 3677 477 3733 auf
497 3644 553 3732 ileu
570 3677 655 3742 llath,
673 3668 825 3747 cigentltcir
841 3676 860 3730 t.
876 3693 902 3749 q.
919 3674 1058 3732 aarum
1072 3677 1171 3735 mnata·

67 3743 142 3808 tam,
160 3748 235 3802 doeh
253 3748 333 3801 nieht
343 3748 428 3802 ohne
444 3749 499 3801 den
513 3745 717 3817 Nebenbegrilt‘
731 3748 782 3800 der
798 3745 1022 3818 Alrhttugigkcit.
1066 3748 1106 3804 So
1123 3750 1172 3803 do·

68 3833 152 3881 mre,
167 3815 201 3866 de
221 3819 356 3876 sententia,
377 3836 398 3871 s.
415 3818 540 3885 Herzog.

136 3885 234 3938 Eanc
252 3887 292 3938 dc
307 3902 448 3938 caussa.
484 3885 538 3937 Die
555 3881 682 3940 Partikel
700 3900 733 3932 ar
750 3879 822 3934 fehlt
840 3882 871 3934 in
888 3880 951 3935 dem
968 3881 1029 3936 llIS.
1041 3881 1155 3939 Doroill.

63 3953 127 4008 und
142 3958 175 4007 in
189 3953 337 4008 mehreren
352 3955 427 4006 alten
436 3951 601 4023 Ausgaben.
633 3942 690 4006 Mit
708 3948 846 4012 Utrreehta
864 3948 940 4002 elenu
959 3969 990 4000 ea
1008 3951 1079 4006 wird
1095 3952 1157 4019 hle-

64 4022 177 4086 durch,'
210 4027 266 4078 wie
290 4032 320 4076 es
343 4022 393 4076 der
420 4020 640 4093 folgenden
663 4038 701 4075 nu
716 4018 849 4075 einen
861 4017 983 4079 edraim,
1009 4019 1090 4074 mehr
1105 4019 1157 4074 bo·

64 4089 381 4162 mfuegoehufa
474 4120 543 4151 ..-».

446 4238 450 4243 ’
511 4244 583 4319 Ca
630 4299 638 4316 .
682 4248 719 4319 8.

93 4340 100 4349 ”
133 4383 295 4475 Jtrtute,
310 4378 386 4440 hier:
403 4270 639 4456 dmaligrciteuio
654 4376 853 4547 burgelun,
867 4374 953 4436 Ernst
967 4377 1029 4436 und
1046 4374 1162 4442 bahur-

785 4496 805 4544 a
