2760 5032
380 378 605 464 nmen
634 377 986 472 ‘cnosso-es
1142 392 1243 491 ms

136 556 358 651 cohortatus,
380 571 420 633 ut
439 585 528 634 sune
547 564 727 659 pristinae
750 562 892 634 uirtutis
916 568 954 634 et
975 561 1231 634 totseeundisn

135 663 304 732 simorum
314 662 533 758 proeliorum
546 666 751 736 memoriam
764 665 964 736 retinerent
980 672 1085 762 atque
1107 666 1229 760 ipsum.

140 758 352 855 Gaesarem,
377 766 475 836 esn'ns
501 765 606 836 ductu
630 789 887 863 saepenumero
909 764 1027 835 hostes
1051 789 1227 860 superas·

136 872 234 950 sent,
278 875 507 961 praesentem
529 866 658 938 adesse
682 869 950 953 existimarent,
992 864 1054 938 dut
1078 867 1226 964 signum

137 963 281 1062 proelii.
338 966 464 1039 Primo
490 992 669 1040 concursu
691 967 737 1040 ub
759 967 884 1040 dextro
905 989 1038 1056 cornu,
1078 965 1243 1043 atrise-1x

136 1067 248 1161 ptima
273 1066 370 1163 legio
396 1070 619 1157 constiterat,
644 1067 767 1142 hostes
792 1067 976 1166 pelluntur
993 1077 1100 1164 atque
1111 1069 1150 1138 in
1163 1066 1223 1137 fu·

137 1191 219 1264 gam
239 1169 499 1263 coniiciuntur,
525 1166 571 1238 eb
596 1171 759 1257 sinistro,
783 1193 889 1266 quem
911 1168 1029 1240 locum
1051 1166 1228 1241 duodeci·

138 1292 195 1337 ma
218 1266 315 1363 legio
336 1268 491 1358 tenebat,
511 1293 622 1366 quum
647 1271 755 1367 primi
775 1268 920 1342 ordines
932 1267 1089 1340 hostium
1104 1278 1231 1340 nune·

139 1366 202 1438 fixi
227 1369 313 1465 pilis
338 1368 596 1460 concidissent,
634 1380 753 1442 tamen
777 1371 949 1443 acerrime
974 1369 1107 1467 reliqui
1130 1369 1228 1442 resi-

139 1461 280 1539 stebadt
302 1493 368 1542 nec
390 1468 496 1542 dabat
524 1473 763 1569 suspicionem
784 1470 892 1570 fugae
906 1471 1110 1567 quisquam.
1160 1470 1231 1569 lp-¹
1363 1548 1372 1574 ἱ

142 1594 182 1638 se
207 1567 279 1639 dux
303 1568 459 1642 hostium
484 1567 751 1670 Camulogenus
776 1574 852 1642 suis
876 1570 1000 1644 aderat
1025 1580 1132 1668 utque
1163 1592 1228 1643 eos

140 1666 410 1744 cohortabatur.
465 1667 522 1744 At
559 1674 696 1746 incerto
735 1674 841 1745 etium
871 1672 965 1742 nunc
992 1673 1091 1744 exitu
1113 1673 1229 1743 vietor

144 1770 239 1859 riae,
270 1796 380 1868 quum
405 1777 574 1872 septimae
598 1773 753 1874 legionis
778 1772 935 1846 tribunis
960 1782 1056 1845 esset
1078 1775 1232 1844 nuncia-

142 1877 232 1959 tum,
256 1896 346 1969 qnae
369 1875 408 1946 in
432 1877 581 1949 sinistro
601 1899 714 1947 cornu
738 1884 966 1973 gererentur,
988 1884 1071 1972 post
1086 1884 1233 1971 tergum

141 1966 298 2042 lsostium
334 1974 511 2072 legionem
544 1973 779 2049 ostenderunt
811 1978 985 2073 signoque
1015 1975 1233 2046 intulerunte

142 2068 200 2142 Ne
219 2098 267 2145 eo
291 2074 435 2171 quidem
457 2087 614 2173 tempore
630 2078 818 2171 qnisquam
832 2076 913 2146 loco
930 2077 1054 2162 cessit,
1077 2073 1142 2146 sed
1155 2077 1231 2145 cir·

143 2177 319 2245 cumvcnti
344 2202 465 2248 omnes
487 2173 738 2271 interfectique
764 2184 862 2245 suut.
912 2173 1085 2245 Eamdem
1110 2175 1240 2261 furtu-¹

141 2298 223 2344 nam
248 2274 333 2344 tulit
356 2273 634 2373 Camulogenus.
684 2270 740 2345 At
765 2276 817 2365 ii,
848 2275 912 2372 qui
937 2272 1120 2371 praesidio
1144 2298 1233 2345 con·

144 2383 201 2443 tra
229 2383 345 2444 eastra
363 2374 517 2447 Labieni
544 2385 646 2447 eraut
661 2376 793 2463 relicti,
821 2400 932 2470 quum
945 2373 1233 2472 proeliumcom·

146 2475 295 2543 missum
315 2474 513 2565 audissent,
538 2474 700 2547 subsidio
726 2477 800 2545 suis
817 2477 938 2547 ierunt
959 2474 1157 2572 collemque
1173 2499 1233 2547 ce·

146 2583 290 2670 perant,
331 2601 447 2673 neque
472 2586 677 2649 nostrorum
699 2574 853 2646 militum
876 2578 1051 2648 victorum
1075 2578 1235 2674 inpetum

145 2677 324 2747 sustinere
345 2687 556 2774 potuerunt·
607 2673 672 2748 Sic
703 2700 784 2746 cum
808 2675 884 2748 suis
908 2673 1128 2775 fugientibus
1148 2702 1234 2774 per·

144 2776 261 2863 mixti,
285 2802 376 2872 quos
397 2802 470 2849 non
496 2776 607 2849 silvae
631 2786 840 2874 montesque
867 2787 1045 2866 texerunt,
1071 2776 1116 2847 ah
1131 2778 1235 2875 equi-

147 2885 222 2946 tatu
249 2887 333 2947 sunt
356 2877 551 2952 interfecti.
600 2876 685 2950 Hoc
708 2880 853 2976 negotio
869 2878 1034 2953 confecto
1050 2875 1240 2950 Labienus

148 2979 342 3049 revertitur
365 2973 606 3076 Agendicnm,
631 2978 695 3050 uhi
720 2978 958 3074 inpedimenta
971 2981 1083 3050 totius
1098 2979 1237 3050 exerei-

148 3088 206 3151 tus
228 3076 354 3149 relietu
379 3089 497 3175 crout3
530 3078 614 3152 inde
635 3103 718 3149 cum
742 3078 907 3151 omnibus
933 3079 1047 3179 copiis
1071 3077 1118 3150 ud
1143 3075 1238 3152 Cae·

148 3202 267 3252 sarem
289 3181 464 3277 pervenit·
593 3245 598 3252 a

250 3372 317 3448 65.
339 3362 552 3438 Defectione
574 3356 788 3436 Aeduorum
808 3361 952 3460 cognitu
973 3357 1108 3434 bellum
1129 3387 1244 3462 auge-2

151 3471 224 3537 tur·
272 3464 492 3567 Legationes
522 3467 562 3539 in
587 3488 710 3542 omues
739 3476 861 3563 partes
893 3463 1241 3563 circummittentur3

585 3727 710 3820 (lup.
754 3727 814 3795 62.

160 3828 164 3837 '
221 3849 613 3905 praesentassemus.
647 3847 738 3904 nae.
755 3845 828 3900 fens
844 3846 875 3898 sn
891 3841 982 3900 vienn
997 3845 1080 3900 uss.
1097 3848 1156 3902 una
1169 3844 1248 3921 Auo

153 3915 255 4036 gqlesen,
275 3920 556 4044 ⁸'1lged⁰⁰.l¹bfl⁰‘⁷⁴⁰gj
587 3917 629 4042 gf.
650 3916 703 3976 Vt,
723 3915 771 4038 ξύ)
787 3913 973 4037 ι(«”ιέε.ἔίιιιιι’1.
993 3914 1060 4039 ἐν,
1084 3915 1136 3967 Νι
1158 3931 1247 3965 curans
1271 3992 1276 4027 Ι

153 4005 254 4070 [εει.
338 4009 372 4042 uu
389 4009 409 4044 u
430 4002 549 4045 essetne.
607 4005 648 4043 ass
665 4002 726 4042 crs
772 4001 846 4039 sus
891 4000 977 4054 geues·
1021 4003 1101 4041 erson
1118 4000 1248 4055 zugegeu

151 4073 202 4179 leh
224 4124 313 4178 Suis
338 4125 481 4185 aderat,
516 4141 570 4175 non
591 4122 674 4174 solusn
687 4120 852 4192 praesentia,
889 4118 936 4171 sed
953 4137 1033 4194 opera
1048 4120 1126 4172 stiam
1142 4123 1248 4190 praesto

157 4200 225 4252 erat,
247 4193 360 4247 obwohl
375 4210 458 4264 prope
475 4194 605 4261 consectus
623 4199 715 4254 utute,
732 4206 754 4242 s.
775 4189 848 4243 oben
868 4187 899 4242 C.
918 4195 962 4250 57.
1225 4252 1231 4267 ι

160 4299 164 4309 .
226 4262 344 4315 Sed-
365 4262 647 4330 interfectique,
680 4256 802 4314 sonderu
820 4257 1002 4315 liesssusiots
1018 4254 1124 4322 lieber,
1157 4253 1251 4307 dasne

155 4346 317 4403 ummugeu
333 4347 439 4392 waren,
460 4330 513 4384 ulle
529 4327 757 4384 u'usdcrmctuelu·
