2760 5032
234 435 317 515 450
512 424 594 501 -mt
617 421 799 500 BELLO
825 420 1066 498 GALLIGO
1112 539 1116 545 .

139 598 175 680 .’
215 602 331 700 ‘lunt3
367 602 548 702 fugientes
572 628 688 701 usque
712 600 758 674 ad
780 601 932 695 llumen,
962 600 1027 674 uhi
1047 586 1330 703 Vercingetorix

119 778 122 786 ,
233 729 317 777 cum
332 703 561 806 pedestribus
575 706 686 801 copiis
699 702 923 794 consederat,
949 715 1217 801 persequuntur
1230 727 1330 776 com·

216 804 430 906 'pluresque
450 805 683 879 interficiunt.
721 803 818 894 ‚Qua
842 830 882 877 re
907 805 1158 879 animadversa
1179 805 1329 901 reliqui,

233 932 281 980 ne
305 907 647 979 circumvenirentur
671 907 792 994 veriti,
817 931 856 977 se
880 906 988 1001 lagae
1002 904 1185 977 mandant.
1237 905 1328 979 Om-

233 1005 342 1080 nibus
371 1007 463 1080 locis
484 1005 526 1089 fit
549 1005 699 1098 caedes,
740 1018 815 1079 tres
840 1007 1057 1088 nobilissimi
1081 1003 1206 1081 Aedui
1232 1009 1326 1106 capti

233 1106 280 1180 ad
305 1104 496 1181 Caesarem
525 1106 789 1206 perducuntur:
841 1104 956 1179 Cotus
989 1107 1193 1206 praefectus
1223 1111 1327 1207 equi·

234 1216 324 1300 tum,
348 1211 715 1304 quicoutroversiam
738 1233 818 1278 cum
844 1205 1130 1282 Convictolitane
1152 1213 1326 1307 proximis

235 1313 390 1383 comitiis
411 1308 600 1397 babuerat,
623 1319 661 1382 et
688 1307 913 1398 Cauarillus,
954 1312 1016 1406 qui
1047 1321 1130 1408 post
1154 1307 1327 1383 delectio·

234 1436 317 1486 nem
339 1409 498 1483 Litavici
520 1409 749 1508 pedestribus
775 1412 888 1508 copiis
910 1409 1134 1508 praefuerat,
1164 1422 1202 1483 et
1227 1412 1325 1510 Epo·

234 1510 397 1605 rcdorix,
420 1536 496 1611 quo
520 1511 610 1584 duce
622 1521 704 1583 ante
718 1509 908 1587 adventum
926 1508 1096 1585 Caesaris
1107 1508 1235 1586 Aedui
1248 1537 1326 1586 cum

235 1611 420 1712 ¹Sequanis
445 1612 544 1686 bello
569 1611 839 1686 contenderant.

330 1821 398 1898 68.
437 1811 583 1913 Fugato
621 1815 718 1888 omni
753 1815 917 1911 equitatu
947 1810 1229 1913 Vercingetorix
1259 1837 1322 1887 co·

215 1917 312 2017 .pias
336 1938 435 2007 suas,
458 1925 500 1985 ut
521 1939 590 2012 pro
615 1915 745 1987 castris
768 1915 1037 2007 conlocaverat,
1069 1915 1214 1987 reduxit
1238 1940 1326 2013 pro·

180 2101 182 2105 ¹
236 2020 408 2113 tinusquc
433 2012 613 2105 Alesiam,
641 2014 740 2113 quod
763 2027 820 2088 est
844 2015 1013 2114 oppidum
1037 2015 1331 2106 Mandubiorum,

214 2119 305 2193 iter
328 2117 449 2192 lacere
471 2118 609 2214 coepit,
633 2117 871 2213 celeriterque
881 2117 1121 2213 iupedimenta
1135 2143 1180 2190 cx
1195 2117 1326 2188 castris

235 2218 341 2299 educi
367 2229 406 2291 et
436 2244 476 2289 sc
504 2217 679 2314 subsequi
711 2220 834 2289 iussit.
899 2216 1035 2290 Cacsar
1076 2216 1328 2319 inpedimentis

234 2321 499 2418 in'proximum
527 2318 656 2390 collem
681 2317 844 2390 deductis
876 2318 1089 2416 duabusque
1118 2317 1326 2416 legionibus

234 2418 418 2521 pracsidio
443 2419 596 2510 relictis,
628 2430 787 2511 secutus,
811 2432 982 2517 quantum
1005 2420 1076 2493 diei
1101 2430 1244 2518 tempus
1269 2429 1326 2493 cst

227 2541 401 2620 passum,
442 2522 588 2593 circiter
611 2519 729 2592 tribus
755 2519 903 2594 milibus
922 2519 1080 2593 hostium
1104 2546 1147 2594 ex
1169 2521 1327 2594 novissi·

225 2646 295 2694 mo
320 2622 461 2720 agmine
483 2619 698 2711 intersectis,
723 2620 839 2694 altero
865 2622 922 2696 die
947 2621 993 2694 ad
1018 2617 1184 2696 Alesiam
1208 2632 1328 2693 castra

235 2720 337 2795 lecit·
386 2722 586 2820 Perspecto
613 2721 717 2795 urbis
749 2724 823 2793 situ
846 2725 1122 2820 perterritisque
1146 2720 1329 2814 hostibus,

185 2837 197 2849 “
235 2821 334 2922 quod
358 2827 538 2922 equitatu,
567 2848 640 2923 qua
664 2824 814 2899 maxime
837 2836 939 2925 parte
964 2827 1142 2898 exercitus
1168 2820 1328 2899 confide·

303 3054 327 3108 E
359 3053 549 3110 oredortx.
600 3055 694 3110 nom
716 3055 805 3110 dealt
820 3054 883 3111 hier
902 3075 938 3110 uu
956 3056 1010 3110 den
1022 3057 1122 3122 Vates,
1146 3057 1217 3110 oder
1231 3054 1328 3112 (tross-

234 3133 315 3178 vater
333 3072 382 3179 das
396 3123 523 3194 Epona,
542 3143 599 3179 ron
616 3127 680 3179 dem
696 3125 771 3179 oben
788 3124 819 3179 C.
835 3133 871 3187 54
887 3128 932 3179 dic
946 3126 1022 3178 liede
1038 3145 1107 3180 war.
1157 3125 1229 3180 Man
1245 3126 1327 3179 uber·

236 3204 314 3247 setas
341 3196 398 3265 ein
417 3191 534 3265 Epored.
568 3193 703 3249 Derselbc
722 3196 793 3249 uird
813 3214 866 3247 vua
885 3199 947 3248 dem
965 3195 1069 3265 obigeu
1093 3194 1182 3248 durch
1200 3196 1256 3248 den
1275 3195 1327 3247 be·

233 3258 361 3327 benum,
379 3263 429 3315 der
447 3263 604 3318 aussudem
623 3269 670 3318 siu
685 3280 762 3334 ganz
782 3264 900 3319 auderet
915 3280 988 3332 ssyn
1005 3264 1111 3331 words,
1134 3263 1263 3318 deutlich
1279 3280 1325 3335 gs·

232 3345 295 3402 nug
309 3329 535 3397 mauschiedeu,

654 3470 784 3562 Gap.
828 3452 889 3539 68.

304 3588 437 3662 coprus
456 3606 537 3646 suas
552 3606 589 3644 se.
607 3589 748 3664 pedestres.

304 3657 355 3712 Ut
373 3675 437 3728 pro
455 3662 592 3716 castrts
611 3689 647 3703 -
663 3661 821 3715 reduxit.
856 3657 886 3713 S.
902 3657 971 3714 tlber
987 3666 1017 3709 at
1032 3658 1156 3730 Herzog.

307 3724 412 3796 Quod
442 3744 458 3780 s
495 3731 613 3782 uitstu
637 3754 671 3768 -
694 3741 794 3782 crant
816 3730 929 3813 pulsi.
983 3729 1030 3778 At.
1055 3730 1326 3800 equitum-mat

237 3791 1326 3936 mactassent-12:ara·.¹.ez¹tcassatur:

237 3943 284 3996 te,
300 3947 384 3988 wcnn
403 3951 468 3986 man
485 3933 537 3987 auf
551 3934 597 3988 die
608 3935 741 4002 liciterel,
756 3936 796 3988 als
818 3939 900 3988 amen
911 3934 1080 4005 Haupttbctl
1095 3933 1173 3989 ihrer
1189 3934 1327 4005 Truppcn

235 3999 389 4056 llitcksicht
405 4007 518 4059 nimmt.

308 4068 380 4137 Qua
408 4074 561 4123 maxime
613 4081 741 4123 artc-
763 4069 1024 4136 considebant,
1055 4069 1131 4125 wohl
1156 4067 1329 4124 diebessere

238 4134 344 4202 Letum,
361 4156 382 4193 s.
395 4139 519 4208 Herzog,
538 4085 644 4192 weldhs
659 4138 766 4193 sowolrl
776 4144 829 4192 ruit
843 4139 905 4192 dem
917 4138 1093 4210 soussigcnS
1114 4136 1327 4210 racbgebruuelr

239 4223 353 4261 uuscrsa
371 4203 474 4270 dulor,
490 4225 512 4261 a.
534 4205 589 4265 W,
609 4206 667 4257 9⁴:
708 4225 758 4279 quo
776 4207 925 4279 plerumque
941 4226 1044 4278 praere,
1074 4158 1114 4262 all
1132 4211 1183 4260 mit
1201 4207 1252 4260 der
1271 4205 1327 4259 Us-

239 4271 359 4328 bersetz.
383 4274 431 4329 des
454 4272 597 4344 Metaphr·
623 4275 858 4333 tiburcinstimmt.
910 4277 1060 4330 Eirrl'aelrer
1083 4287 1155 4332 sctzt
1182 4282 1229 4329 etn
1258 4276 1329 4329 ulter

239 4340 309 4397 Cod.
328 4341 405 4397 blus:
423 4359 474 4414 quc
493 4343 607 4394 metm
624 4344 770 4412 confidebas
827 4344 949 4401 cudent.
967 4345 1140 4402 aumuthstz
1175 4361 1226 4416 qu
1243 4344 1326 4395 nasi

237 4409 886 4499 ..mammam-sp)
