2760 5032
135 482 138 487 .
211 374 296 452 440
493 360 569 439 lta
590 347 1036 442 uuaeu'ttunntco
1076 356 1085 419 ἶ

217 539 388 639 Quinque
413 541 601 626 cohortes,
636 567 727 640 quas
751 542 893 613 minime
919 538 1041 611 tlemus
1062 537 1108 611 nd
1132 536 1313 613 dimicare

216 641 301 715 dum
335 669 414 715 csse
447 642 689 726 existimabat,
729 646 858 715 eastris
889 640 1071 740 praesidio
1110 642 1306 740 relinquit3

217 746 377 840 quinque
407 743 566 816 ciusdem
596 743 749 838 legionis
780 743 941 839 reliquas
973 741 1018 814 dc
1047 740 1163 813 media
1200 755 1306 816 nocte

217 869 298 915 cum
335 844 498 916 omnibus
534 845 784 940 inpedimentis
816 844 966 915 aduerso
1001 837 1159 915 flumine
1177 869 1306 943 maqno

217 944 372 1016 tumultu
397 944 580 1041 proticisci
604 948 766 1039 imperat.
818 943 1012 1040 Conquirit
1031 947 1136 1015 etium
1155 944 1306 1037 lintres;

217 1042 284 1116 bas
309 1072 439 1143 mapno
462 1049 581 1117 sonitu
601 1070 778 1119 remorurn
797 1047 960 1116 incitatas
986 1047 1022 1114 in
1040 1043 1201 1118 eamdem
1223 1066 1309 1144 pur·

219 1156 292 1216 bem
316 1148 439 1218 mittit.
489 1148 572 1244 lpse
594 1158 678 1242 post
699 1147 837 1242 paullo,
862 1146 1005 1216 silentio
1020 1170 1206 1243 egressus,
1228 1170 1310 1217 cum

217 1244 337 1318 tribus
361 1247 566 1345 legionibus
593 1274 674 1321 eum
698 1247 815 1320 locum
839 1248 942 1346 petit,
966 1270 1039 1345 quo
1063 1270 1171 1320 naves
1184 1238 1311 1345 adpela

89 1408 100 1435 κ
219 1344 250 1419 li
275 1347 445 1420 iusserat.

320 1523 386 1605 61.
411 1514 471 1589 Εο
496 1541 607 1613 quum
632 1525 728 1588 esset
751 1524 906 1600 ventum,
932 1512 1179 1610 exploratores
1193 1509 1311 1586 bosti-

220 1639 295 1706 um,
318 1625 360 1687 ut
386 1619 481 1689 omui
507 1616 664 1687 lluminis
686 1626 787 1713 parto
803 1626 905 1688 orant
919 1613 1099 1711 dispositi,
1121 1614 1311 1711 inopinan-

220 1723 296 1804 lcs,
333 1715 432 1812 quod
456 1743 583 1815 magna
611 1715 731 1790 subito
756 1727 834 1789 crat
861 1726 984 1788 coorta
1009 1723 1221 1811 tempestas,
1266 1713 1310 1788 ab

221 1818 359 1888 nostris
384 1815 656 1914 obprimuntur3
689 1820 866 1890 exercitus
890 1818 1157 1912 equitatusque,
1180 1815 1311 1911 equiti·

182 1981 186 1992 .
220 1911 291 1987 bus
316 1915 488 1990 Romanis
513 1916 859 2006 administrantibus,
883 1943 975 2013 quos
998 1917 1194 2014 eiueqotio
1208 1940 1312 2013 praes

219 2013 377 2108 fecorat,
422 2018 588 2092 celeriter
622 2019 889 2090 transmittitur.
939 2016 1022 2088 Uno
1055 2015 1132 2089 fere
1155 2025 1312 2112 tempore
1359 2040 1361 2051 ·

222 2117 293 2205 sub
314 2118 430 2192 lucem
453 2117 620 2193 hostibus
643 2121 848 2209 nunciatur,
859 2119 909 2201 ⁸,iu
924 2118 1054 2188 castris
1067 2117 1311 2190 Romanorum

221 2230 366 2316 practer
401 2219 695 2292 cousuetudinem
732 2218 941 2291 tumultuari
979 2227 1015 2290 et
1053 2242 1221 2316 magnum
1258 2219 1312 2293 iro

223 2345 351 2418 agmen
380 2321 531 2393 aduerso
563 2321 707 2392 llnminc
734 2323 959 2415 sonitumque
986 2344 1165 2390 remorum
1188 2318 1225 2389 in
1252 2343 1312 2390 ea·

222 2419 304 2493 dem
336 2433 438 2519 parte
470 2421 644 2511 exaudiri,
676 2432 710 2494 et
740 2421 862 2518 paullo
888 2418 982 2491 inira
1003 2418 1135 2492 milites
1161 2416 1312 2491 navibus

223 2525 477 2618 transportari.
530 2521 674 2613 Quibus
699 2523 809 2595 rebus
835 2520 980 2609 auditis
1008 2518 1106 2616 quod
1130 2521 1313 2592 existimu-

223 2617 311 2691 bant
336 2623 452 2694 tribus
478 2623 568 2695 locis
592 2626 747 2695 transire
772 2624 933 2721 legiones
957 2631 1062 2718 atque
1084 2646 1207 2694 omues
1230 2647 1315 2721 per·

182 2788 186 2792 .
224 2719 390 2793 turbatos
421 2721 618 2796 delectione
641 2721 854 2795 Aeduorum
886 2721 1008 2819 fugam
1041 2732 1188 2819 parare,
1216 2746 1316 2794 ‘suas

226 2846 372 2918 quoque
401 2826 521 2920 copias
552 2826 591 2894 in
612 2826 680 2894 tris
701 2835 821 2920 partes
840 2822 1115 2894 distribuerunt.
1166 2822 1261 2895 Nam
1281 2832 1318 2897 ct

226 2923 409 3019 praesidio
434 2950 454 2996 e
476 2926 622 3022 regione
648 2935 848 2995 castrorum
870 2923 997 2994 relicto
1023 2933 1059 2995 et
1077 2948 1187 3021 parva
1209 2943 1317 2996 manu

224 3022 466 3097 Metiosedum
484 3050 611 3097 versus
636 3026 767 3114 missa,
801 3049 893 3122 quae
919 3034 1055 3095 tantum
1076 3024 1318 3123 progredere·

225 3134 306 3212 tur,
348 3135 520 3221 quantum
544 3151 652 3199 naves
676 3127 960 3224 processissent,
1005 3125 1168 3225 reliquas
1196 3126 1318 3226 copias

226 3237 352 3299 contra
375 3227 577 3300 Labienum
600 3227 793 3300 duxerunt·

124 3486 127 3491 Δ
305 3360 395 3479 ⁸(52.
421 3395 546 3467 Prima
571 3395 652 3468 luce
678 3403 714 3468 et
739 3397 855 3467 nostri
870 3419 993 3473 omues
1011 3406 1114 3468 erant
1129 3405 1318 3493 transpor-

228 3495 294 3565 tati
325 3504 362 3569 et
392 3494 550 3570 bostium
572 3498 668 3569 acies
692 3493 921 3568 cernebatur.
972 3495 1157 3570 Labienus
1183 3496 1318 3570 milites

227 3720 327 3775 Dutch
355 3727 438 3778 einen
456 3727 570 3781 solcheu
587 3726 834 3798 Sprachgebrauoh
860 3730 931 3785 wird
958 3733 1020 3782 eine
1037 3731 1191 3800 Haudlung
1213 3733 1270 3786 wie
1289 3731 1320 3783 ia

227 3797 319 3914 piraquu
328 3793 524 3922 lqlquueiueu
541 3796 647 3853 Umriso
666 3815 715 3852 vor
733 3799 778 3852 die
794 3798 875 3853 Seelo
892 3801 940 3854 dea
956 3799 1052 3854 Lesers
1070 3800 1249 3872 hingeatellt,
1284 3797 1320 3869 εί.

661 4005 786 4098 Gap.
832 4011 889 4075 (tl.

299 4115 557 4184 inopinantes,
581 4119 700 4175 welches
718 4123 766 4174 der
786 4121 918 4191 fulgendo
939 4118 1094 4172 Nebeusatz
1116 4122 1230 4179 erkl'a'rt.

297 4184 500 4252 Equitibus
519 4212 553 4225 ·-
573 4193 864 4254 praefecerat:
885 4191 1010 4260 equitibus
1034 4191 1179 4249 Itonaeos,
1217 4207 1282 4260 quaa
1297 4189 1323 4243 α’

231 4253 332 4322 rteqotr'o
348 4254 519 4322 praefecerat,
537 4254 787 4307 arlauiue'rtronu'tnes.

297 4326 380 4382 Nam
397 4339 432 4382 st
455 4329 655 4400 praesidio,
673 4333 825 4400 uelmrliclr,
842 4332 901 4385 und
922 4350 1004 4387 zuar.
1022 4330 1079 4386 Der
1097 4329 1243 4402 Metaplu.
1259 4326 1324 4406 quiq.
