2760 5032
342 390 448 469 UB-
472 389 563 467 Vll·
615 385 736 465 CAP·
758 398 954 481 80-81·
1107 403 1189 483 toa

89 578 186 661 rant,
209 569 275 667 qui
301 569 378 642 suis
404 567 614 642 cedentibus
640 570 775 642 auxilio
798 576 1053 643 succurrerent
1064 580 1101 644 et
1116 597 1185 645 no-

88 681 250 744 stu-orum
276 672 435 769 equitum
456 674 602 768 inpetus
627 673 860 743 sustinerent.
911 666 975 745 Ab
1000 670 1059 743 bis
1085 697 1183 747 com·

86 771 211 870 plures
247 769 292 844 de
329 773 514 869 inprouiso
551 772 733 844 vulnerati
768 771 908 868 proelio
950 771 1182 847 excedebant.

85 871 211 964 Quum
239 897 324 944 suos
348 898 491 970 pugnae
517 875 720 968 superiores
745 897 825 945 esse
840 869 941 951 Galli
959 872 1182 950 confiderent

84 984 122 1048 et
145 983 291 1046 nostros
315 972 547 1045 multitudine
572 974 685 1069 premi
710 972 893 1062 viderent,
942 998 986 1047 cx
1011 974 1178 1048 omnibus

84 1073 252 1173 partibus
279 1075 378 1164 etii,
403 1077 467 1171 qui
490 1072 748 1146 munitionibus
773 1071 1059 1163 continebantur,
1092 1077 1177 1150 etii
1286 1166 1291 1175 .

86 1177 151 1274 qui
176 1171 222 1247 ad
248 1174 421 1247 auxilinm
441 1184 694 1263 convenerant,
718 1174 874 1248 clamore
888 1185 925 1247 et
938 1175 1077 1247 ul'nlatu
1092 1201 1177 1250 suo·
1234 1206 1236 1211 ⁴

84 1303 168 1349 rum
195 1277 332 1347 animos
357 1273 629 1348 confirmabant.
678 1274 789 1365 Quod
818 1277 857 1348 in
886 1289 1079 1372 conspeetu
1100 1304 1178 1350 om·

84 1379 185 1450 nium
208 1402 269 1450 res
293 1374 501 1475 gerebatur,
531 1400 650 1473 neque
673 1386 773 1451 recte
797 1398 839 1447 ac
863 1379 1019 1473 turpiter
1043 1377 1178 1453 sactum

83 1478 197 1552 celari
220 1487 380 1575 poterat;
399 1488 575 1575 utrosque
600 1488 636 1550 et
659 1476 779 1549 laudis
807 1477 985 1574 cupiditas
1009 1489 1044 1551 et
1068 1481 1177 1554 timor

85 1579 304 1678 ignominiae
328 1576 375 1650 ad
394 1580 565 1651 virtutem
589 1577 805 1650 excitabant.
856 1577 980 1668 Quum
995 1581 1177 1655 ameridie

83 1704 197 1778 prope
227 1677 274 1752 ad
306 1679 396 1754 solis
425 1700 592 1754 oceasum
625 1677 734 1751 dubia
763 1681 915 1777 victoria
940 1691 1176 1777 pugnaretur,
1256 1753 1271 1780 ,

84 1779 258 1854 Germani
280 1805 352 1851 una
377 1782 415 1851 in
439 1791 540 1878 parte
562 1778 735 1853 consertis
759 1781 949 1853 turmis'in
976 1780 1100 1854 hostes
1116 1785 1174 1855 in·

84 1892 206 1982 petum
230 1881 394 1956 fecerunt
425 1907 560 1979 cosque
589 1880 848 1979 propulerunt3
898 1880 1031 1980 quibus
1054 1886 1092 1955 in
1114 1883 1175 1955 su·

83 2009 168 2084 gam
210 1985 381 2057 coniectis
431 1984 609 2081 sagittarii
652 1984 884 2055 circumventi
922 1982 1174 2082 interfectique

50 2106 53 2111 ’
85 2094 183 2157 sunt.
232 2084 326 2157 ltem
348 2109 392 2155 cx
413 2085 568 2180 reliquis
594 2081 759 2180 partibus
778 2084 909 2169 nostri,
931 2083 1097 2157 cedentes
1110 2110 1174 2156 ns·

110 2213 153 2259 ue
179 2184 225 2256 ad
250 2194 369 2256 castra
391 2184 560 2273 insecuti,
586 2183 643 2252 sui
658 2180 864 2280 conligendi
884 2182 1089 2256 facultatem
1102 2211 1175 2258 non

81 2210 276 2360 dederunt.
327 2280 382 2356 At
406 2286 448 2374 ii,
478 2285 543 2379 qui
567 2280 612 2355 ab
634 2278 764 2355 Alesia
783 2295 1048 2380 processerant,
1075 2311 1175 2357 moe·

82 2389 132 2458 sti
165 2410 280 2485 prope
302 2385 455 2457 uictoria
479 2383 667 2482 desperata
695 2408 735 2455 se
765 2386 805 2457 in
836 2382 1007 2482 oppidum
1027 2409 1173 2484 recepe·

79 2497 180 2560 runt.

181 2660 246 2741 81·
271 2650 357 2728 Uno
383 2650 442 2725 dic
465 2653 672 2728 intermisso
697 2646 798 2726 Galli
823 2661 930 2752 atque
954 2652 1025 2728 boc
1055 2656 1172 2754 spatio

79 2779 211 2856 magno
244 2756 397 2829 cratium
428 2754 608 2826 scalarum
640 2753 887 2853 harpagonum
911 2782 1060 2830 numero
1085 2757 1174 2831 effe·

81 2868 163 2946 cto,
192 2855 310 2929 media
333 2865 437 2928 nocte
463 2856 608 2929 silentio
632 2881 676 2929 ex
696 2857 825 2927 castris
849 2850 990 2955 egressi
1008 2857 1053 2928 ad
1078 2881 1174 2930 cam·

78 2968 219 3059 pestres
241 2959 457 3030 munitiones
478 2956 664 3029 accedunt·
716 2954 849 3031 Subito
867 2959 1023 3032 clamore
1049 2959 1173 3032 subla·

79 3070 134 3153 to,
168 3084 243 3158 qua
266 3056 549 3155 significatione,
593 3059 656 3152 qui
681 3060 719 3127 in
744 3057 875 3154 oppido
901 3058 1174 3152 obsidebantur,

80 3157 126 3233 de
152 3185 218 3233 sno
241 3157 396 3230 adventu
423 3182 639 3256 cognoscere
660 3168 822 3253 possent,
847 3168 964 3231 crates
982 3162 1174 3256 proficere,

79 3260 205 3336 fundis
235 3259 377 3361 sagittis
410 3256 593 3357 lapidibus
624 3265 773 3329 nostros
802 3254 848 3332 de
877 3259 974 3332 vallo
999 3257 1171 3333 deturba·
1266 3304 1273 3317 ·

147 3493 399 3581 biultitndins
418 3493 534 3563 premi
557 3493 577 3543 i.
604 3507 632 3562 q.
651 3488 771 3562 mereri
788 3499 866 3562 atqu
883 3492 921 3543 tte
935 3479 1112 3565 facite‘pom
1128 3509 1172 3566 op·

74 3564 222 3758 'muffet
240 3639 489 3686 convenerant
506 3645 543 3679 ss.
561 3645 595 3679 ex
611 3626 685 3679 urbe.

184 3705 292 3754 tii-
309 3701 494 3752 moesti-
513 3705 830 3764 ser-receperunt
846 3721 881 3734 -
897 3695 945 3748 cin
962 3707 1047 3752 etwas
1062 3696 1175 3753 schnei-

77 3773 121 3828 isr
138 3770 318 3840 Uebergaug.
359 3768 422 3818 Wtr
435 3769 551 3820 kdnncn
568 3766 651 3819 datiis
668 3782 769 3835 ragau:
807 3764 849 3820 ds
869 3763 949 3833 (tum)
966 3764 1095 3838 begaben
1112 3766 1172 3824 rich
1191 3796 1194 3800 ⁴

77 3843 136 3910 dle,
155 3839 262 3897 welche
280 3865 315 3878 -
334 3840 365 3890 iu
383 3837 429 3890 die
448 3833 530 3890 suut
550 3837 668 3890 curticle.
1073 3884 1077 3891 ,

515 3967 643 4060 Cap.
687 3968 747 4036 81.

149 4093 413 4213 Harpepouum,
438 4087 475 4158 es.
498 4087 524 4138 b.
544 4087 577 4147 θ.
593 4086 620 4153 1,
637 4084 693 4139 δῖι
723 4103 818 4138 nasse
829 4085 935 4156 ferreas
951 4094 1028 4159 aque
1043 4058 1173 4163 bdrpapo·
1229 4056 1232 4060 Δ

79 4181 136 4224 m,
154 4182 199 4219 wo
250 4179 279 4246 ee
298 4196 306 4213 .
322 4167 468 4243 atproznr
483 4157 642 4269 Epi-sidrung
659 4157 856 4280 hirmupesetzt
873 4155 1052 4279 glapztugent
1079 4224 1116 4292 es·
1140 4220 1167 4276 γ

79 4301 122 4353 45
134 4229 352 4369 §papatis
360 4226 632 4368 312212]αᾶιῖοὲ
638 4227 910 4368 ἒῖἲιιξισᾶφεηιεῖῐ
925 4295 1008 4347 Doch
1023 4263 1094 4348 stdrt
1112 4261 1174 4348 hisi

74 4369 183 4440 findo,
218 4371 255 4424 da
273 4385 302 4422 as
321 4383 359 4421 rar
376 4369 444 4423 ner
462 4383 520 4423 ron
537 4384 568 4419 ae
584 4362 736 4440 gindeus,
772 4384 810 4421 zu
826 4365 890 4420 dem
909 4380 938 4421 es
956 4364 1108 4439 cigentttcb
1125 4381 1175 4436 gs·
